@online{demo_video,
author = {Thomas Chiou},
title = {Demo Video: shear center},
year = {2023},
url = {https://canvas.iastate.edu/courses/97229/pages/demo-video-shear-center?module_item_id=5127327},
OPTorganization = {Iowa State University}
}
@online{lecture_notes,
author = {Thomas Chiou},
title = {Week 10 Lecture: Thin-Walled Structures and Shear Center},
year = {2023},
url = {https://canvas.iastate.edu/courses/97229/files/21644394?module_item_id=5127295},
OPTorganization = {Iowa State University}
}
